@misc{witten2013feynman,
    title={The Feynman $i Îµ$ in String Theory},
    author={Edward Witten},
    year={2013},
    eprint={1307.5124},
    archivePrefix={arXiv},
    primaryClass={hep-th}
}
@book{Peskin:1995ev,
    author = "Peskin, Michael E. and Schroeder, Daniel V.",
    title = "{An Introduction to quantum field theory}",
    isbn = "978-0-201-50397-5",
    publisher = "Addison-Wesley",
    address = "Reading, USA",
    year = "1995"
}
